<?xml version="1.0" encoding="UTF-8"?><collection xmlns="http://www.loc.gov/MARC21/slim"><record><leader>00385nam--2200121-i-4500</leader><controlfield tag="001">000028501</controlfield><controlfield tag="002">20161230</controlfield><controlfield tag="005">20161230201037</controlfield><controlfield tag="008">060222s1000------------r-----000-0-eng-d</controlfield><datafield ind1=" " ind2=" " tag="100"><subfield code="a">Leroux, M</subfield></datafield><datafield ind1=" " ind2=" " tag="245"><subfield code="a">Montages pratiques a transistors. schemas detailles et indications pratiques completes sur les meilleurs montages a transistors</subfield></datafield><datafield ind1=" " ind2=" " tag="260"><subfield code="a">Paris, G.Dufour, 1956, 108p</subfield></datafield><datafield ind1=" " ind2=" " tag="852"><subfield code="a">12615</subfield></datafield></record></collection>